<?xml version="1.0" encoding="UTF-8" ?>
<collection xmlns:xsi="http://www.w3.org/2001/XMLSchema-instance" xsi:schemaLocation="http://www.loc.gov/MARC21/slim http://www.loc.gov/standards/marcxml/schema/MARC21slim.xsd" xmlns="http://www.loc.gov/MARC21/slim">
   <record>
      <leader>     cam a22      a 4500</leader>
      <controlfield tag="001">6365261</controlfield>
      <controlfield tag="003">NIC</controlfield>
      <controlfield tag="005">20141231053223.0</controlfield>
      <controlfield tag="008">071212s1947    ua            000 0 ara d</controlfield>
      <datafield tag="029" ind1="0" ind2=" ">
         <subfield code="a">LEILA</subfield>
         <subfield code="b">24783</subfield>
      </datafield>
      <datafield tag="035" ind1=" " ind2=" ">
         <subfield code="a">6365261</subfield>
      </datafield>
      <datafield tag="035" ind1=" " ind2=" ">
         <subfield code="a">(OCoLC)185042725</subfield>
      </datafield>
      <datafield tag="040" ind1=" " ind2=" ">
         <subfield code="a">LEILA</subfield>
         <subfield code="c">LEILA</subfield>
         <subfield code="d">NIC</subfield>
      </datafield>
      <datafield tag="050" ind1=" " ind2="4">
         <subfield code="a">DS238.U5</subfield>
         <subfield code="b">A78 1947</subfield>
      </datafield>
      <datafield tag="100" ind1="1" ind2=" ">
         <subfield code="a">ʻAqqād, ʻAbbās Maḥmūd, 1889-1964.</subfield>
      </datafield>
      <datafield tag="245" ind1="1" ind2="0">
         <subfield code="a">ʻAbqarīyat ʻUmar /</subfield>
         <subfield code="c">ʻAbbās Maḥmūd al-ʻAqqād.</subfield>
      </datafield>
      <datafield tag="250" ind1=" " ind2=" ">
         <subfield code="a">al-Ṭabʻah 3.</subfield>
      </datafield>
      <datafield tag="260" ind1=" " ind2=" ">
         <subfield code="a">Miṣr :</subfield>
         <subfield code="b">al-Maktabah al-Tijārīyah al-Kubrá,</subfield>
         <subfield code="c">1947.</subfield>
      </datafield>
      <datafield tag="300" ind1=" " ind2=" ">
         <subfield code="a">352 p. ;</subfield>
         <subfield code="c">21 cm.</subfield>
      </datafield>
      <datafield tag="600" ind1="0" ind2="0">
         <subfield code="a">ʻUmar ibn al-Khaṭṭ⁻ab,</subfield>
         <subfield code="c">Caliph,</subfield>
         <subfield code="d">-644.</subfield>
      </datafield>
      <datafield tag="600" ind1="0" ind2="7">
         <subfield code="a">ʻUmar ibn al-Khaṭṭ⁻ab,</subfield>
         <subfield code="c">Caliph,</subfield>
         <subfield code="d">-644</subfield>
         <subfield code="2">fast/NIC/NAC</subfield>
      </datafield>
      <datafield tag="948" ind1="1" ind2=" ">
         <subfield code="a">20081126</subfield>
         <subfield code="b">o</subfield>
         <subfield code="d">ah16</subfield>
         <subfield code="e">lts</subfield>
      </datafield>
      <datafield tag="948" ind1="2" ind2=" ">
         <subfield code="a">20141230</subfield>
         <subfield code="b">m</subfield>
         <subfield code="d">batch</subfield>
         <subfield code="e">lts</subfield>
         <subfield code="x">addfast</subfield>
      </datafield>
      <datafield tag="903" ind1=" " ind2=" ">
         <subfield code="a">NYUACO</subfield>
         <subfield code="d">20150421</subfield>
         <subfield code="p">31924109432017</subfield>
      </datafield>
      <datafield tag="950" ind1=" " ind2=" ">
         <subfield code="a">DS238.U5</subfield>
         <subfield code="b">A78 1947</subfield>
         <subfield code="v"> </subfield>
      </datafield>
   </record>
</collection>
